%YAML 1.1
%TAG !u! tag:unity3d.com,2011:
--- !u!1 &9027964178008433605
GameObject:
  m_ObjectHideFlags: 0
  m_CorrespondingSourceObject: {fileID: 0}
  m_PrefabInstance: {fileID: 0}
  m_PrefabAsset: {fileID: 0}
  serializedVersion: 6
  m_Component:
  - component: {fileID: 9027964178008342501}
  - component: {fileID: 9027964178007539659}
  - component: {fileID: 9027964178006441227}
  m_Layer: 0
  m_Name: Wheel RL
  m_TagString: Untagged
  m_Icon: {fileID: 0}
  m_NavMeshLayer: 0
  m_StaticEditorFlags: 0
  m_IsActive: 1
--- !u!4 &9027964178008342501
Transform:
  m_ObjectHideFlags: 0
  m_CorrespondingSourceObject: {fileID: 0}
  m_PrefabInstance: {fileID: 0}
  m_PrefabAsset: {fileID: 0}
  m_GameObject: {fileID: 9027964178008433605}
  m_LocalRotation: {x: 0.00000018404174, y: 0.70710665, z: -0.00000018404168, w: 0.7071069}
  m_LocalPosition: {x: -0.027564855, y: 0.00899404, z: -0.05569165}
  m_LocalScale: {x: 3.6041677, y: 3.6041677, z: 3.6041677}
  m_Children: []
  m_Father: {fileID: 9027964178008342511}
  m_RootOrder: 3
  m_LocalEulerAnglesHint: {x: 0, y: 0, z: 0}
--- !u!33 &9027964178007539659
MeshFilter:
  m_ObjectHideFlags: 0
  m_CorrespondingSourceObject: {fileID: 0}
  m_PrefabInstance: {fileID: 0}
  m_PrefabAsset: {fileID: 0}
  m_GameObject: {fileID: 9027964178008433605}
  m_Mesh: {fileID: 4300004, guid: bf5176189eca2a943a46af2c9b6557db, type: 3}
--- !u!23 &9027964178006441227
MeshRenderer:
  m_ObjectHideFlags: 0
  m_CorrespondingSourceObject: {fileID: 0}
  m_PrefabInstance: {fileID: 0}
  m_PrefabAsset: {fileID: 0}
  m_GameObject: {fileID: 9027964178008433605}
  m_Enabled: 1
  m_CastShadows: 1
  m_ReceiveShadows: 1
  m_DynamicOccludee: 1
  m_MotionVectors: 1
  m_LightProbeUsage: 1
  m_ReflectionProbeUsage: 1
  m_RenderingLayerMask: 1
  m_RendererPriority: 0
  m_Materials:
  - {fileID: 2100000, guid: 397b6995c1cfc6e40a70c075a733e665, type: 2}
  - {fileID: 2100000, guid: c1ecca1a12c147c4f8878eec3d2e8634, type: 2}
  - {fileID: 2100000, guid: acc3aae9675aef7488c47c261bd1263b, type: 2}
  - {fileID: 2100000, guid: b51c3961ebc1f394ea964d56e61159a3, type: 2}
  m_StaticBatchInfo:
    firstSubMesh: 0
    subMeshCount: 0
  m_StaticBatchRoot: {fileID: 0}
  m_ProbeAnchor: {fileID: 0}
  m_LightProbeVolumeOverride: {fileID: 0}
  m_ScaleInLightmap: 1
  m_PreserveUVs: 0
  m_IgnoreNormalsForChartDetection: 0
  m_ImportantGI: 0
  m_StitchLightmapSeams: 0
  m_SelectedEditorRenderState: 3
  m_MinimumChartSize: 4
  m_AutoUVMaxDistance: 0.5
  m_AutoUVMaxAngle: 89
  m_LightmapParameters: {fileID: 0}
  m_SortingLayerID: 0
  m_SortingLayer: 0
  m_SortingOrder: 0
--- !u!1 &9027964178008433607
GameObject:
  m_ObjectHideFlags: 0
  m_CorrespondingSourceObject: {fileID: 0}
  m_PrefabInstance: {fileID: 0}
  m_PrefabAsset: {fileID: 0}
  serializedVersion: 6
  m_Component:
  - component: {fileID: 9027964178008342503}
  - component: {fileID: 9027964178007539653}
  - component: {fileID: 9027964178006441221}
  m_Layer: 0
  m_Name: Wheel RR
  m_TagString: Untagged
  m_Icon: {fileID: 0}
  m_NavMeshLayer: 0
  m_StaticEditorFlags: 0
  m_IsActive: 1
--- !u!4 &9027964178008342503
Transform:
  m_ObjectHideFlags: 0
  m_CorrespondingSourceObject: {fileID: 0}
  m_PrefabInstance: {fileID: 0}
  m_PrefabAsset: {fileID: 0}
  m_GameObject: {fileID: 9027964178008433607}
  m_LocalRotation: {x: 0.00000018404174, y: -0.70710665, z: 0.00000018404168, w: 0.7071069}
  m_LocalPosition: {x: 0.02794822, y: 0.00899404, z: -0.05569165}
  m_LocalScale: {x: 3.6041677, y: 3.6041677, z: 3.6041677}
  m_Children: []
  m_Father: {fileID: 9027964178008342511}
  m_RootOrder: 4
  m_LocalEulerAnglesHint: {x: 0, y: 0, z: 0}
--- !u!33 &9027964178007539653
MeshFilter:
  m_ObjectHideFlags: 0
  m_CorrespondingSourceObject: {fileID: 0}
  m_PrefabInstance: {fileID: 0}
  m_PrefabAsset: {fileID: 0}
  m_GameObject: {fileID: 9027964178008433607}
  m_Mesh: {fileID: 4300002, guid: bf5176189eca2a943a46af2c9b6557db, type: 3}
--- !u!23 &9027964178006441221
MeshRenderer:
  m_ObjectHideFlags: 0
  m_CorrespondingSourceObject: {fileID: 0}
  m_PrefabInstance: {fileID: 0}
  m_PrefabAsset: {fileID: 0}
  m_GameObject: {fileID: 9027964178008433607}
  m_Enabled: 1
  m_CastShadows: 1
  m_ReceiveShadows: 1
  m_DynamicOccludee: 1
  m_MotionVectors: 1
  m_LightProbeUsage: 1
  m_ReflectionProbeUsage: 1
  m_RenderingLayerMask: 1
  m_RendererPriority: 0
  m_Materials:
  - {fileID: 2100000, guid: 397b6995c1cfc6e40a70c075a733e665, type: 2}
  - {fileID: 2100000, guid: c1ecca1a12c147c4f8878eec3d2e8634, type: 2}
  - {fileID: 2100000, guid: acc3aae9675aef7488c47c261bd1263b, type: 2}
  - {fileID: 2100000, guid: b51c3961ebc1f394ea964d56e61159a3, type: 2}
  m_StaticBatchInfo:
    firstSubMesh: 0
    subMeshCount: 0
  m_StaticBatchRoot: {fileID: 0}
  m_ProbeAnchor: {fileID: 0}
  m_LightProbeVolumeOverride: {fileID: 0}
  m_ScaleInLightmap: 1
  m_PreserveUVs: 0
  m_IgnoreNormalsForChartDetection: 0
  m_ImportantGI: 0
  m_StitchLightmapSeams: 0
  m_SelectedEditorRenderState: 3
  m_MinimumChartSize: 4
  m_AutoUVMaxDistance: 0.5
  m_AutoUVMaxAngle: 89
  m_LightmapParameters: {fileID: 0}
  m_SortingLayerID: 0
  m_SortingLayer: 0
  m_SortingOrder: 0
--- !u!1 &9027964178008433609
GameObject:
  m_ObjectHideFlags: 0
  m_CorrespondingSourceObject: {fileID: 0}
  m_PrefabInstance: {fileID: 0}
  m_PrefabAsset: {fileID: 0}
  serializedVersion: 6
  m_Component:
  - component: {fileID: 9027964178008342505}
  - component: {fileID: 9027964178007539663}
  - component: {fileID: 9027964178006441231}
  m_Layer: 0
  m_Name: Wheel FL
  m_TagString: Untagged
  m_Icon: {fileID: 0}
  m_NavMeshLayer: 0
  m_StaticEditorFlags: 0
  m_IsActive: 1
--- !u!4 &9027964178008342505
Transform:
  m_ObjectHideFlags: 0
  m_CorrespondingSourceObject: {fileID: 0}
  m_PrefabInstance: {fileID: 0}
  m_PrefabAsset: {fileID: 0}
  m_GameObject: {fileID: 9027964178008433609}
  m_LocalRotation: {x: 0.00000018404174, y: 0.70710665, z: -0.00000018404168, w: 0.7071069}
  m_LocalPosition: {x: -0.027564855, y: 0.00899404, z: 0.031697944}
  m_LocalScale: {x: 3.6041677, y: 3.6041677, z: 3.6041677}
  m_Children: []
  m_Father: {fileID: 9027964178008342511}
  m_RootOrder: 1
  m_LocalEulerAnglesHint: {x: 0, y: 0, z: 0}
--- !u!33 &9027964178007539663
MeshFilter:
  m_ObjectHideFlags: 0
  m_CorrespondingSourceObject: {fileID: 0}
  m_PrefabInstance: {fileID: 0}
  m_PrefabAsset: {fileID: 0}
  m_GameObject: {fileID: 9027964178008433609}
  m_Mesh: {fileID: 4300006, guid: bf5176189eca2a943a46af2c9b6557db, type: 3}
--- !u!23 &9027964178006441231
MeshRenderer:
  m_ObjectHideFlags: 0
  m_CorrespondingSourceObject: {fileID: 0}
  m_PrefabInstance: {fileID: 0}
  m_PrefabAsset: {fileID: 0}
  m_GameObject: {fileID: 9027964178008433609}
  m_Enabled: 1
  m_CastShadows: 1
  m_ReceiveShadows: 1
  m_DynamicOccludee: 1
  m_MotionVectors: 1
  m_LightProbeUsage: 1
  m_ReflectionProbeUsage: 1
  m_RenderingLayerMask: 1
  m_RendererPriority: 0
  m_Materials:
  - {fileID: 2100000, guid: 397b6995c1cfc6e40a70c075a733e665, type: 2}
  - {fileID: 2100000, guid: c1ecca1a12c147c4f8878eec3d2e8634, type: 2}
  - {fileID: 2100000, guid: acc3aae9675aef7488c47c261bd1263b, type: 2}
  - {fileID: 2100000, guid: b51c3961ebc1f394ea964d56e61159a3, type: 2}
  m_StaticBatchInfo:
    firstSubMesh: 0
    subMeshCount: 0
  m_StaticBatchRoot: {fileID: 0}
  m_ProbeAnchor: {fileID: 0}
  m_LightProbeVolumeOverride: {fileID: 0}
  m_ScaleInLightmap: 1
  m_PreserveUVs: 0
  m_IgnoreNormalsForChartDetection: 0
  m_ImportantGI: 0
  m_StitchLightmapSeams: 0
  m_SelectedEditorRenderState: 3
  m_MinimumChartSize: 4
  m_AutoUVMaxDistance: 0.5
  m_AutoUVMaxAngle: 89
  m_LightmapParameters: {fileID: 0}
  m_SortingLayerID: 0
  m_SortingLayer: 0
  m_SortingOrder: 0
--- !u!1 &9027964178008433611
GameObject:
  m_ObjectHideFlags: 0
  m_CorrespondingSourceObject: {fileID: 0}
  m_PrefabInstance: {fileID: 0}
  m_PrefabAsset: {fileID: 0}
  serializedVersion: 6
  m_Component:
  - component: {fileID: 9027964178008342507}
  - component: {fileID: 9027964178007539657}
  - component: {fileID: 9027964178006441225}
  m_Layer: 0
  m_Name: Wheel FR
  m_TagString: Untagged
  m_Icon: {fileID: 0}
  m_NavMeshLayer: 0
  m_StaticEditorFlags: 0
  m_IsActive: 1
--- !u!4 &9027964178008342507
Transform:
  m_ObjectHideFlags: 0
  m_CorrespondingSourceObject: {fileID: 0}
  m_PrefabInstance: {fileID: 0}
  m_PrefabAsset: {fileID: 0}
  m_GameObject: {fileID: 9027964178008433611}
  m_LocalRotation: {x: 0.00000018404174, y: -0.70710665, z: 0.00000018404168, w: 0.7071069}
  m_LocalPosition: {x: 0.02794822, y: 0.00899404, z: 0.031697944}
  m_LocalScale: {x: 3.6041677, y: 3.6041677, z: 3.6041677}
  m_Children: []
  m_Father: {fileID: 9027964178008342511}
  m_RootOrder: 2
  m_LocalEulerAnglesHint: {x: 0, y: 0, z: 0}
--- !u!33 &9027964178007539657
MeshFilter:
  m_ObjectHideFlags: 0
  m_CorrespondingSourceObject: {fileID: 0}
  m_PrefabInstance: {fileID: 0}
  m_PrefabAsset: {fileID: 0}
  m_GameObject: {fileID: 9027964178008433611}
  m_Mesh: {fileID: 4300008, guid: bf5176189eca2a943a46af2c9b6557db, type: 3}
--- !u!23 &9027964178006441225
MeshRenderer:
  m_ObjectHideFlags: 0
  m_CorrespondingSourceObject: {fileID: 0}
  m_PrefabInstance: {fileID: 0}
  m_PrefabAsset: {fileID: 0}
  m_GameObject: {fileID: 9027964178008433611}
  m_Enabled: 1
  m_CastShadows: 1
  m_ReceiveShadows: 1
  m_DynamicOccludee: 1
  m_MotionVectors: 1
  m_LightProbeUsage: 1
  m_ReflectionProbeUsage: 1
  m_RenderingLayerMask: 1
  m_RendererPriority: 0
  m_Materials:
  - {fileID: 2100000, guid: 397b6995c1cfc6e40a70c075a733e665, type: 2}
  - {fileID: 2100000, guid: c1ecca1a12c147c4f8878eec3d2e8634, type: 2}
  - {fileID: 2100000, guid: acc3aae9675aef7488c47c261bd1263b, type: 2}
  - {fileID: 2100000, guid: b51c3961ebc1f394ea964d56e61159a3, type: 2}
  m_StaticBatchInfo:
    firstSubMesh: 0
    subMeshCount: 0
  m_StaticBatchRoot: {fileID: 0}
  m_ProbeAnchor: {fileID: 0}
  m_LightProbeVolumeOverride: {fileID: 0}
  m_ScaleInLightmap: 1
  m_PreserveUVs: 0
  m_IgnoreNormalsForChartDetection: 0
  m_ImportantGI: 0
  m_StitchLightmapSeams: 0
  m_SelectedEditorRenderState: 3
  m_MinimumChartSize: 4
  m_AutoUVMaxDistance: 0.5
  m_AutoUVMaxAngle: 89
  m_LightmapParameters: {fileID: 0}
  m_SortingLayerID: 0
  m_SortingLayer: 0
  m_SortingOrder: 0
--- !u!1 &9027964178008433613
GameObject:
  m_ObjectHideFlags: 0
  m_CorrespondingSourceObject: {fileID: 0}
  m_PrefabInstance: {fileID: 0}
  m_PrefabAsset: {fileID: 0}
  serializedVersion: 6
  m_Component:
  - component: {fileID: 9027964178008342509}
  - component: {fileID: 9027964178007539661}
  - component: {fileID: 9027964178006441229}
  m_Layer: 0
  m_Name: Body
  m_TagString: Untagged
  m_Icon: {fileID: 0}
  m_NavMeshLayer: 0
  m_StaticEditorFlags: 0
  m_IsActive: 1
--- !u!4 &9027964178008342509
Transform:
  m_ObjectHideFlags: 0
  m_CorrespondingSourceObject: {fileID: 0}
  m_PrefabInstance: {fileID: 0}
  m_PrefabAsset: {fileID: 0}
  m_GameObject: {fileID: 9027964178008433613}
  m_LocalRotation: {x: -0.7071068, y: 0, z: -0, w: 0.7071067}
  m_LocalPosition: {x: -0, y: 0.015448989, z: 0}
  m_LocalScale: {x: 100, y: 100, z: 100}
  m_Children: []
  m_Father: {fileID: 9027964178008342511}
  m_RootOrder: 0
  m_LocalEulerAnglesHint: {x: 0, y: 0, z: 0}
--- !u!33 &9027964178007539661
MeshFilter:
  m_ObjectHideFlags: 0
  m_CorrespondingSourceObject: {fileID: 0}
  m_PrefabInstance: {fileID: 0}
  m_PrefabAsset: {fileID: 0}
  m_GameObject: {fileID: 9027964178008433613}
  m_Mesh: {fileID: 4300000, guid: bf5176189eca2a943a46af2c9b6557db, type: 3}
--- !u!23 &9027964178006441229
MeshRenderer:
  m_ObjectHideFlags: 0
  m_CorrespondingSourceObject: {fileID: 0}
  m_PrefabInstance: {fileID: 0}
  m_PrefabAsset: {fileID: 0}
  m_GameObject: {fileID: 9027964178008433613}
  m_Enabled: 1
  m_CastShadows: 1
  m_ReceiveShadows: 1
  m_DynamicOccludee: 1
  m_MotionVectors: 1
  m_LightProbeUsage: 1
  m_ReflectionProbeUsage: 1
  m_RenderingLayerMask: 1
  m_RendererPriority: 0
  m_Materials:
  - {fileID: 2100000, guid: b9874be04c674bd4891499ff15138a9e, type: 2}
  - {fileID: 2100000, guid: c20f80792940d2e42ad7660073c7a7c0, type: 2}
  - {fileID: 2100000, guid: 4c5ea3efb1d35f34f822cdb9df291740, type: 2}
  - {fileID: 2100000, guid: 7e1d1b61b6f34654eaf6ccefb3c5d932, type: 2}
  - {fileID: 2100000, guid: 59bacb684a7624843bbd43b9e9aad9d4, type: 2}
  - {fileID: 2100000, guid: 097f943f66b788d44828009b66b40b12, type: 2}
  - {fileID: 2100000, guid: 70aea6a0ce4cbf947982306ab64c5d65, type: 2}
  - {fileID: 2100000, guid: 57396cd67245c664fbe0d1793995fe89, type: 2}
  - {fileID: 2100000, guid: f972bc087cfee554994a65806f4e71b7, type: 2}
  - {fileID: 2100000, guid: 2ed8089f425a39048bb73493cb41166c, type: 2}
  m_StaticBatchInfo:
    firstSubMesh: 0
    subMeshCount: 0
  m_StaticBatchRoot: {fileID: 0}
  m_ProbeAnchor: {fileID: 0}
  m_LightProbeVolumeOverride: {fileID: 0}
  m_ScaleInLightmap: 1
  m_PreserveUVs: 0
  m_IgnoreNormalsForChartDetection: 0
  m_ImportantGI: 0
  m_StitchLightmapSeams: 0
  m_SelectedEditorRenderState: 3
  m_MinimumChartSize: 4
  m_AutoUVMaxDistance: 0.5
  m_AutoUVMaxAngle: 89
  m_LightmapParameters: {fileID: 0}
  m_SortingLayerID: 0
  m_SortingLayer: 0
  m_SortingOrder: 0
--- !u!1 &9027964178008433615
GameObject:
  m_ObjectHideFlags: 0
  m_CorrespondingSourceObject: {fileID: 0}
  m_PrefabInstance: {fileID: 0}
  m_PrefabAsset: {fileID: 0}
  serializedVersion: 6
  m_Component:
  - component: {fileID: 9027964178008342511}
  - component: {fileID: 9027964178008466798}
  m_Layer: 0
  m_Name: Car (3)
  m_TagString: Untagged
  m_Icon: {fileID: 0}
  m_NavMeshLayer: 0
  m_StaticEditorFlags: 0
  m_IsActive: 1
--- !u!4 &9027964178008342511
Transform:
  m_ObjectHideFlags: 0
  m_CorrespondingSourceObject: {fileID: 0}
  m_PrefabInstance: {fileID: 0}
  m_PrefabAsset: {fileID: 0}
  m_GameObject: {fileID: 9027964178008433615}
  m_LocalRotation: {x: -0, y: 1, z: -0, w: 0}
  m_LocalPosition: {x: 1.9222, y: 0, z: 3.5563}
  m_LocalScale: {x: 1, y: 1, z: 1}
  m_Children:
  - {fileID: 9027964178008342509}
  - {fileID: 9027964178008342505}
  - {fileID: 9027964178008342507}
  - {fileID: 9027964178008342501}
  - {fileID: 9027964178008342503}
  m_Father: {fileID: 0}
  m_RootOrder: 0
  m_LocalEulerAnglesHint: {x: 0, y: 180, z: 0}
--- !u!95 &9027964178008466798
Animator:
  serializedVersion: 3
  m_ObjectHideFlags: 0
  m_CorrespondingSourceObject: {fileID: 0}
  m_PrefabInstance: {fileID: 0}
  m_PrefabAsset: {fileID: 0}
  m_GameObject: {fileID: 9027964178008433615}
  m_Enabled: 1
  m_Avatar: {fileID: 0}
  m_Controller: {fileID: 0}
  m_CullingMode: 0
  m_UpdateMode: 0
  m_ApplyRootMotion: 0
  m_LinearVelocityBlending: 0
  m_WarningMessage: 
  m_HasTransformHierarchy: 1
  m_AllowConstantClipSamplingOptimization: 1
  m_KeepAnimatorControllerStateOnDisable: 0
