%YAML 1.1
%TAG !u! tag:unity3d.com,2011:
--- !u!1 &7292826865800940273
GameObject:
  m_ObjectHideFlags: 0
  m_CorrespondingSourceObject: {fileID: 0}
  m_PrefabInstance: {fileID: 0}
  m_PrefabAsset: {fileID: 0}
  serializedVersion: 6
  m_Component:
  - component: {fileID: 7292826865800713937}
  - component: {fileID: 7292826865797846771}
  - component: {fileID: 7292826865798943795}
  m_Layer: 0
  m_Name: Wheel RR
  m_TagString: Untagged
  m_Icon: {fileID: 0}
  m_NavMeshLayer: 0
  m_StaticEditorFlags: 0
  m_IsActive: 1
--- !u!4 &7292826865800713937
Transform:
  m_ObjectHideFlags: 0
  m_CorrespondingSourceObject: {fileID: 0}
  m_PrefabInstance: {fileID: 0}
  m_PrefabAsset: {fileID: 0}
  m_GameObject: {fileID: 7292826865800940273}
  m_LocalRotation: {x: 0.00000018404174, y: -0.70710665, z: 0.00000018404168, w: 0.7071069}
  m_LocalPosition: {x: 0.02794822, y: 0.00899404, z: -0.05569165}
  m_LocalScale: {x: 3.6041677, y: 3.6041677, z: 3.6041677}
  m_Children: []
  m_Father: {fileID: 7292826865800713945}
  m_RootOrder: 4
  m_LocalEulerAnglesHint: {x: 0, y: 0, z: 0}
--- !u!33 &7292826865797846771
MeshFilter:
  m_ObjectHideFlags: 0
  m_CorrespondingSourceObject: {fileID: 0}
  m_PrefabInstance: {fileID: 0}
  m_PrefabAsset: {fileID: 0}
  m_GameObject: {fileID: 7292826865800940273}
  m_Mesh: {fileID: 4300002, guid: bf5176189eca2a943a46af2c9b6557db, type: 3}
--- !u!23 &7292826865798943795
MeshRenderer:
  m_ObjectHideFlags: 0
  m_CorrespondingSourceObject: {fileID: 0}
  m_PrefabInstance: {fileID: 0}
  m_PrefabAsset: {fileID: 0}
  m_GameObject: {fileID: 7292826865800940273}
  m_Enabled: 1
  m_CastShadows: 1
  m_ReceiveShadows: 1
  m_DynamicOccludee: 1
  m_MotionVectors: 1
  m_LightProbeUsage: 1
  m_ReflectionProbeUsage: 1
  m_RenderingLayerMask: 1
  m_RendererPriority: 0
  m_Materials:
  - {fileID: 2100000, guid: 397b6995c1cfc6e40a70c075a733e665, type: 2}
  - {fileID: 2100000, guid: c1ecca1a12c147c4f8878eec3d2e8634, type: 2}
  - {fileID: 2100000, guid: acc3aae9675aef7488c47c261bd1263b, type: 2}
  - {fileID: 2100000, guid: b51c3961ebc1f394ea964d56e61159a3, type: 2}
  m_StaticBatchInfo:
    firstSubMesh: 0
    subMeshCount: 0
  m_StaticBatchRoot: {fileID: 0}
  m_ProbeAnchor: {fileID: 0}
  m_LightProbeVolumeOverride: {fileID: 0}
  m_ScaleInLightmap: 1
  m_PreserveUVs: 0
  m_IgnoreNormalsForChartDetection: 0
  m_ImportantGI: 0
  m_StitchLightmapSeams: 0
  m_SelectedEditorRenderState: 3
  m_MinimumChartSize: 4
  m_AutoUVMaxDistance: 0.5
  m_AutoUVMaxAngle: 89
  m_LightmapParameters: {fileID: 0}
  m_SortingLayerID: 0
  m_SortingLayer: 0
  m_SortingOrder: 0
--- !u!1 &7292826865800940275
GameObject:
  m_ObjectHideFlags: 0
  m_CorrespondingSourceObject: {fileID: 0}
  m_PrefabInstance: {fileID: 0}
  m_PrefabAsset: {fileID: 0}
  serializedVersion: 6
  m_Component:
  - component: {fileID: 7292826865800713939}
  - component: {fileID: 7292826865797846781}
  - component: {fileID: 7292826865798943805}
  m_Layer: 0
  m_Name: Wheel RL
  m_TagString: Untagged
  m_Icon: {fileID: 0}
  m_NavMeshLayer: 0
  m_StaticEditorFlags: 0
  m_IsActive: 1
--- !u!4 &7292826865800713939
Transform:
  m_ObjectHideFlags: 0
  m_CorrespondingSourceObject: {fileID: 0}
  m_PrefabInstance: {fileID: 0}
  m_PrefabAsset: {fileID: 0}
  m_GameObject: {fileID: 7292826865800940275}
  m_LocalRotation: {x: 0.00000018404174, y: 0.70710665, z: -0.00000018404168, w: 0.7071069}
  m_LocalPosition: {x: -0.027564855, y: 0.00899404, z: -0.05569165}
  m_LocalScale: {x: 3.6041677, y: 3.6041677, z: 3.6041677}
  m_Children: []
  m_Father: {fileID: 7292826865800713945}
  m_RootOrder: 3
  m_LocalEulerAnglesHint: {x: 0, y: 0, z: 0}
--- !u!33 &7292826865797846781
MeshFilter:
  m_ObjectHideFlags: 0
  m_CorrespondingSourceObject: {fileID: 0}
  m_PrefabInstance: {fileID: 0}
  m_PrefabAsset: {fileID: 0}
  m_GameObject: {fileID: 7292826865800940275}
  m_Mesh: {fileID: 4300004, guid: bf5176189eca2a943a46af2c9b6557db, type: 3}
--- !u!23 &7292826865798943805
MeshRenderer:
  m_ObjectHideFlags: 0
  m_CorrespondingSourceObject: {fileID: 0}
  m_PrefabInstance: {fileID: 0}
  m_PrefabAsset: {fileID: 0}
  m_GameObject: {fileID: 7292826865800940275}
  m_Enabled: 1
  m_CastShadows: 1
  m_ReceiveShadows: 1
  m_DynamicOccludee: 1
  m_MotionVectors: 1
  m_LightProbeUsage: 1
  m_ReflectionProbeUsage: 1
  m_RenderingLayerMask: 1
  m_RendererPriority: 0
  m_Materials:
  - {fileID: 2100000, guid: 397b6995c1cfc6e40a70c075a733e665, type: 2}
  - {fileID: 2100000, guid: c1ecca1a12c147c4f8878eec3d2e8634, type: 2}
  - {fileID: 2100000, guid: acc3aae9675aef7488c47c261bd1263b, type: 2}
  - {fileID: 2100000, guid: b51c3961ebc1f394ea964d56e61159a3, type: 2}
  m_StaticBatchInfo:
    firstSubMesh: 0
    subMeshCount: 0
  m_StaticBatchRoot: {fileID: 0}
  m_ProbeAnchor: {fileID: 0}
  m_LightProbeVolumeOverride: {fileID: 0}
  m_ScaleInLightmap: 1
  m_PreserveUVs: 0
  m_IgnoreNormalsForChartDetection: 0
  m_ImportantGI: 0
  m_StitchLightmapSeams: 0
  m_SelectedEditorRenderState: 3
  m_MinimumChartSize: 4
  m_AutoUVMaxDistance: 0.5
  m_AutoUVMaxAngle: 89
  m_LightmapParameters: {fileID: 0}
  m_SortingLayerID: 0
  m_SortingLayer: 0
  m_SortingOrder: 0
--- !u!1 &7292826865800940281
GameObject:
  m_ObjectHideFlags: 0
  m_CorrespondingSourceObject: {fileID: 0}
  m_PrefabInstance: {fileID: 0}
  m_PrefabAsset: {fileID: 0}
  serializedVersion: 6
  m_Component:
  - component: {fileID: 7292826865800713945}
  - component: {fileID: 7292826865800842326}
  m_Layer: 0
  m_Name: Car (1)
  m_TagString: Untagged
  m_Icon: {fileID: 0}
  m_NavMeshLayer: 0
  m_StaticEditorFlags: 0
  m_IsActive: 1
--- !u!4 &7292826865800713945
Transform:
  m_ObjectHideFlags: 0
  m_CorrespondingSourceObject: {fileID: 0}
  m_PrefabInstance: {fileID: 0}
  m_PrefabAsset: {fileID: 0}
  m_GameObject: {fileID: 7292826865800940281}
  m_LocalRotation: {x: 0, y: 0, z: 0, w: 1}
  m_LocalPosition: {x: -1.92, y: 0, z: -3.3975}
  m_LocalScale: {x: 1.0000005, y: 1, z: 1.0000005}
  m_Children:
  - {fileID: 7292826865800713947}
  - {fileID: 7292826865800713951}
  - {fileID: 7292826865800713949}
  - {fileID: 7292826865800713939}
  - {fileID: 7292826865800713937}
  m_Father: {fileID: 0}
  m_RootOrder: 0
  m_LocalEulerAnglesHint: {x: 0, y: 0, z: 0}
--- !u!95 &7292826865800842326
Animator:
  serializedVersion: 3
  m_ObjectHideFlags: 0
  m_CorrespondingSourceObject: {fileID: 0}
  m_PrefabInstance: {fileID: 0}
  m_PrefabAsset: {fileID: 0}
  m_GameObject: {fileID: 7292826865800940281}
  m_Enabled: 1
  m_Avatar: {fileID: 0}
  m_Controller: {fileID: 0}
  m_CullingMode: 0
  m_UpdateMode: 0
  m_ApplyRootMotion: 0
  m_LinearVelocityBlending: 0
  m_WarningMessage: 
  m_HasTransformHierarchy: 1
  m_AllowConstantClipSamplingOptimization: 1
  m_KeepAnimatorControllerStateOnDisable: 0
--- !u!1 &7292826865800940283
GameObject:
  m_ObjectHideFlags: 0
  m_CorrespondingSourceObject: {fileID: 0}
  m_PrefabInstance: {fileID: 0}
  m_PrefabAsset: {fileID: 0}
  serializedVersion: 6
  m_Component:
  - component: {fileID: 7292826865800713947}
  - component: {fileID: 7292826865797846779}
  - component: {fileID: 7292826865798943803}
  m_Layer: 0
  m_Name: Body
  m_TagString: Untagged
  m_Icon: {fileID: 0}
  m_NavMeshLayer: 0
  m_StaticEditorFlags: 0
  m_IsActive: 1
--- !u!4 &7292826865800713947
Transform:
  m_ObjectHideFlags: 0
  m_CorrespondingSourceObject: {fileID: 0}
  m_PrefabInstance: {fileID: 0}
  m_PrefabAsset: {fileID: 0}
  m_GameObject: {fileID: 7292826865800940283}
  m_LocalRotation: {x: -0.7071068, y: 0, z: -0, w: 0.7071067}
  m_LocalPosition: {x: -0, y: 0.015448989, z: 0}
  m_LocalScale: {x: 100, y: 100, z: 100}
  m_Children: []
  m_Father: {fileID: 7292826865800713945}
  m_RootOrder: 0
  m_LocalEulerAnglesHint: {x: 0, y: 0, z: 0}
--- !u!33 &7292826865797846779
MeshFilter:
  m_ObjectHideFlags: 0
  m_CorrespondingSourceObject: {fileID: 0}
  m_PrefabInstance: {fileID: 0}
  m_PrefabAsset: {fileID: 0}
  m_GameObject: {fileID: 7292826865800940283}
  m_Mesh: {fileID: 4300000, guid: bf5176189eca2a943a46af2c9b6557db, type: 3}
--- !u!23 &7292826865798943803
MeshRenderer:
  m_ObjectHideFlags: 0
  m_CorrespondingSourceObject: {fileID: 0}
  m_PrefabInstance: {fileID: 0}
  m_PrefabAsset: {fileID: 0}
  m_GameObject: {fileID: 7292826865800940283}
  m_Enabled: 1
  m_CastShadows: 1
  m_ReceiveShadows: 1
  m_DynamicOccludee: 1
  m_MotionVectors: 1
  m_LightProbeUsage: 1
  m_ReflectionProbeUsage: 1
  m_RenderingLayerMask: 1
  m_RendererPriority: 0
  m_Materials:
  - {fileID: 2100000, guid: 9b73647de5c7d0543a0ccd8685301920, type: 2}
  - {fileID: 2100000, guid: c20f80792940d2e42ad7660073c7a7c0, type: 2}
  - {fileID: 2100000, guid: 4c5ea3efb1d35f34f822cdb9df291740, type: 2}
  - {fileID: 2100000, guid: 7e1d1b61b6f34654eaf6ccefb3c5d932, type: 2}
  - {fileID: 2100000, guid: 59bacb684a7624843bbd43b9e9aad9d4, type: 2}
  - {fileID: 2100000, guid: 097f943f66b788d44828009b66b40b12, type: 2}
  - {fileID: 2100000, guid: 70aea6a0ce4cbf947982306ab64c5d65, type: 2}
  - {fileID: 2100000, guid: 57396cd67245c664fbe0d1793995fe89, type: 2}
  - {fileID: 2100000, guid: f972bc087cfee554994a65806f4e71b7, type: 2}
  - {fileID: 2100000, guid: 2ed8089f425a39048bb73493cb41166c, type: 2}
  m_StaticBatchInfo:
    firstSubMesh: 0
    subMeshCount: 0
  m_StaticBatchRoot: {fileID: 0}
  m_ProbeAnchor: {fileID: 0}
  m_LightProbeVolumeOverride: {fileID: 0}
  m_ScaleInLightmap: 1
  m_PreserveUVs: 0
  m_IgnoreNormalsForChartDetection: 0
  m_ImportantGI: 0
  m_StitchLightmapSeams: 0
  m_SelectedEditorRenderState: 3
  m_MinimumChartSize: 4
  m_AutoUVMaxDistance: 0.5
  m_AutoUVMaxAngle: 89
  m_LightmapParameters: {fileID: 0}
  m_SortingLayerID: 0
  m_SortingLayer: 0
  m_SortingOrder: 0
--- !u!1 &7292826865800940285
GameObject:
  m_ObjectHideFlags: 0
  m_CorrespondingSourceObject: {fileID: 0}
  m_PrefabInstance: {fileID: 0}
  m_PrefabAsset: {fileID: 0}
  serializedVersion: 6
  m_Component:
  - component: {fileID: 7292826865800713949}
  - component: {fileID: 7292826865797846783}
  - component: {fileID: 7292826865798943807}
  m_Layer: 0
  m_Name: Wheel FR
  m_TagString: Untagged
  m_Icon: {fileID: 0}
  m_NavMeshLayer: 0
  m_StaticEditorFlags: 0
  m_IsActive: 1
--- !u!4 &7292826865800713949
Transform:
  m_ObjectHideFlags: 0
  m_CorrespondingSourceObject: {fileID: 0}
  m_PrefabInstance: {fileID: 0}
  m_PrefabAsset: {fileID: 0}
  m_GameObject: {fileID: 7292826865800940285}
  m_LocalRotation: {x: 0.00000018404174, y: -0.70710665, z: 0.00000018404168, w: 0.7071069}
  m_LocalPosition: {x: 0.02794822, y: 0.00899404, z: 0.031697944}
  m_LocalScale: {x: 3.6041677, y: 3.6041677, z: 3.6041677}
  m_Children: []
  m_Father: {fileID: 7292826865800713945}
  m_RootOrder: 2
  m_LocalEulerAnglesHint: {x: 0, y: 0, z: 0}
--- !u!33 &7292826865797846783
MeshFilter:
  m_ObjectHideFlags: 0
  m_CorrespondingSourceObject: {fileID: 0}
  m_PrefabInstance: {fileID: 0}
  m_PrefabAsset: {fileID: 0}
  m_GameObject: {fileID: 7292826865800940285}
  m_Mesh: {fileID: 4300008, guid: bf5176189eca2a943a46af2c9b6557db, type: 3}
--- !u!23 &7292826865798943807
MeshRenderer:
  m_ObjectHideFlags: 0
  m_CorrespondingSourceObject: {fileID: 0}
  m_PrefabInstance: {fileID: 0}
  m_PrefabAsset: {fileID: 0}
  m_GameObject: {fileID: 7292826865800940285}
  m_Enabled: 1
  m_CastShadows: 1
  m_ReceiveShadows: 1
  m_DynamicOccludee: 1
  m_MotionVectors: 1
  m_LightProbeUsage: 1
  m_ReflectionProbeUsage: 1
  m_RenderingLayerMask: 1
  m_RendererPriority: 0
  m_Materials:
  - {fileID: 2100000, guid: 397b6995c1cfc6e40a70c075a733e665, type: 2}
  - {fileID: 2100000, guid: c1ecca1a12c147c4f8878eec3d2e8634, type: 2}
  - {fileID: 2100000, guid: acc3aae9675aef7488c47c261bd1263b, type: 2}
  - {fileID: 2100000, guid: b51c3961ebc1f394ea964d56e61159a3, type: 2}
  m_StaticBatchInfo:
    firstSubMesh: 0
    subMeshCount: 0
  m_StaticBatchRoot: {fileID: 0}
  m_ProbeAnchor: {fileID: 0}
  m_LightProbeVolumeOverride: {fileID: 0}
  m_ScaleInLightmap: 1
  m_PreserveUVs: 0
  m_IgnoreNormalsForChartDetection: 0
  m_ImportantGI: 0
  m_StitchLightmapSeams: 0
  m_SelectedEditorRenderState: 3
  m_MinimumChartSize: 4
  m_AutoUVMaxDistance: 0.5
  m_AutoUVMaxAngle: 89
  m_LightmapParameters: {fileID: 0}
  m_SortingLayerID: 0
  m_SortingLayer: 0
  m_SortingOrder: 0
--- !u!1 &7292826865800940287
GameObject:
  m_ObjectHideFlags: 0
  m_CorrespondingSourceObject: {fileID: 0}
  m_PrefabInstance: {fileID: 0}
  m_PrefabAsset: {fileID: 0}
  serializedVersion: 6
  m_Component:
  - component: {fileID: 7292826865800713951}
  - component: {fileID: 7292826865797846777}
  - component: {fileID: 7292826865798943801}
  m_Layer: 0
  m_Name: Wheel FL
  m_TagString: Untagged
  m_Icon: {fileID: 0}
  m_NavMeshLayer: 0
  m_StaticEditorFlags: 0
  m_IsActive: 1
--- !u!4 &7292826865800713951
Transform:
  m_ObjectHideFlags: 0
  m_CorrespondingSourceObject: {fileID: 0}
  m_PrefabInstance: {fileID: 0}
  m_PrefabAsset: {fileID: 0}
  m_GameObject: {fileID: 7292826865800940287}
  m_LocalRotation: {x: 0.00000018404174, y: 0.70710665, z: -0.00000018404168, w: 0.7071069}
  m_LocalPosition: {x: -0.027564855, y: 0.00899404, z: 0.031697944}
  m_LocalScale: {x: 3.6041677, y: 3.6041677, z: 3.6041677}
  m_Children: []
  m_Father: {fileID: 7292826865800713945}
  m_RootOrder: 1
  m_LocalEulerAnglesHint: {x: 0, y: 0, z: 0}
--- !u!33 &7292826865797846777
MeshFilter:
  m_ObjectHideFlags: 0
  m_CorrespondingSourceObject: {fileID: 0}
  m_PrefabInstance: {fileID: 0}
  m_PrefabAsset: {fileID: 0}
  m_GameObject: {fileID: 7292826865800940287}
  m_Mesh: {fileID: 4300006, guid: bf5176189eca2a943a46af2c9b6557db, type: 3}
--- !u!23 &7292826865798943801
MeshRenderer:
  m_ObjectHideFlags: 0
  m_CorrespondingSourceObject: {fileID: 0}
  m_PrefabInstance: {fileID: 0}
  m_PrefabAsset: {fileID: 0}
  m_GameObject: {fileID: 7292826865800940287}
  m_Enabled: 1
  m_CastShadows: 1
  m_ReceiveShadows: 1
  m_DynamicOccludee: 1
  m_MotionVectors: 1
  m_LightProbeUsage: 1
  m_ReflectionProbeUsage: 1
  m_RenderingLayerMask: 1
  m_RendererPriority: 0
  m_Materials:
  - {fileID: 2100000, guid: 397b6995c1cfc6e40a70c075a733e665, type: 2}
  - {fileID: 2100000, guid: c1ecca1a12c147c4f8878eec3d2e8634, type: 2}
  - {fileID: 2100000, guid: acc3aae9675aef7488c47c261bd1263b, type: 2}
  - {fileID: 2100000, guid: b51c3961ebc1f394ea964d56e61159a3, type: 2}
  m_StaticBatchInfo:
    firstSubMesh: 0
    subMeshCount: 0
  m_StaticBatchRoot: {fileID: 0}
  m_ProbeAnchor: {fileID: 0}
  m_LightProbeVolumeOverride: {fileID: 0}
  m_ScaleInLightmap: 1
  m_PreserveUVs: 0
  m_IgnoreNormalsForChartDetection: 0
  m_ImportantGI: 0
  m_StitchLightmapSeams: 0
  m_SelectedEditorRenderState: 3
  m_MinimumChartSize: 4
  m_AutoUVMaxDistance: 0.5
  m_AutoUVMaxAngle: 89
  m_LightmapParameters: {fileID: 0}
  m_SortingLayerID: 0
  m_SortingLayer: 0
  m_SortingOrder: 0
